<record xmlns="http://www.openarchives.org/OAI/2.0/" xmlns:xsi="http://www.w3.org/2001/XMLSchema-instance"><header><identifier>oai:alma.34CSIC_INST:990013551430204201</identifier><datestamp>2020-02-06T08:40:59Z</datestamp><setSpec>manuscripta</setSpec></header><metadata><record xmlns="http://www.loc.gov/MARC21/slim" xmlns:xsi="http://www.w3.org/2001/XMLSchema-instance" xsi:schemaLocation="http://www.loc.gov/MARC21/slim http://www.loc.gov/standards/marcxml/schema/MARC21slim.xsd"><leader>05783nam a2200733 i 4500</leader><controlfield tag="005">20181031100348.0</controlfield><controlfield tag="008">101104sn                     000 0 ara d</controlfield><controlfield tag="001">990013551430204201</controlfield><datafield tag="035" ind1=" " ind2=" "><subfield code="a">CSIC001355143</subfield></datafield><datafield tag="035" ind1=" " ind2=" "><subfield code="a">(ES-MaCSI)001355143MAD01-Aleph</subfield></datafield><datafield tag="040" ind1=" " ind2=" "><subfield code="a">ES-MaCSI</subfield><subfield code="b">spa</subfield></datafield><datafield tag="245" ind1="1" ind2="2"><subfield code="a">مجموعة نصوص حول أداء التلاوة وأحكام القراءة وقواعد اللّغة‭</subfield><subfield code="h">[‭Manuscrito]</subfield></datafield><datafield tag="260" ind1=" " ind2=" "><subfield code="c">[S. f.].</subfield></datafield><datafield tag="300" ind1=" " ind2=" "><subfield code="a">3 f. ;</subfield><subfield code="c">varía según los folios que componen el legajo, aunque los dos primeros folios miden: 20 x 15 cm (caja: 16 x 9,5 cm).</subfield></datafield><datafield tag="490" ind1="1" ind2=" "><subfield code="a">Manuscripta</subfield></datafield><datafield tag="546" ind1=" " ind2=" "><subfield code="a">Arabe</subfield><subfield code="b">Escritura magrebí</subfield></datafield><datafield tag="500" ind1=" " ind2=" "><subfield code="a">Título transliterado: Maŷmūʽat nuṣūṣ ḥawla adāʼ al-tilāwa wa-aḥkām al-qirāʼa wa-qawāʽid al-luga</subfield></datafield><datafield tag="500" ind1=" " ind2=" "><subfield code="a">Título facticio</subfield></datafield><datafield tag="500" ind1=" " ind2=" "><subfield code="a">Distribución: 1 col. (el folio 2r aparece a 2 columnas). El número de líneas por página varía según el folio.</subfield></datafield><datafield tag="500" ind1=" " ind2=" "><subfield code="a">Material: Papel</subfield></datafield><datafield tag="500" ind1=" " ind2=" "><subfield code="a">Tinta: Negra y roja</subfield></datafield><datafield tag="500" ind1=" " ind2=" "><subfield code="a">Lugar de escritura: No consta</subfield></datafield><datafield tag="500" ind1=" " ind2=" "><subfield code="a">Copista: No consta</subfield></datafield><datafield tag="500" ind1=" " ind2=" "><subfield code="a">Colofón: No consta</subfield></datafield><datafield tag="500" ind1=" " ind2=" "><subfield code="a">Características especiales: El texto de algunos folios está vocalizado y otros no.</subfield></datafield><datafield tag="500" ind1=" " ind2=" "><subfield code="a">Ilustración: No</subfield></datafield><datafield tag="500" ind1=" " ind2=" "><subfield code="a">Ilustraciones: Aparecen algunos elementos decorativos, como la coma árabe (،) en tinta roja y los tres puntos como los de las letras ث o ش en tinta negra, entre columnas; sólo en el folio 2r. Además, en algunos casos, aparecen algunas palabras del texto marcadas en tinta roja en un trazo mucho más grande y alargado que el resto del texto.</subfield></datafield><datafield tag="500" ind1=" " ind2=" "><subfield code="a">Tipo de cuaderno: cuad.: 3 folios sueltos</subfield></datafield><datafield tag="500" ind1=" " ind2=" "><subfield code="a">Deterioros: Roturas, galerías, degradaciones de la tinta y manchas de humedad que apenas afectan al texto.</subfield></datafield><datafield tag="500" ind1=" " ind2=" "><subfield code="a">H eb blanco: No</subfield></datafield><datafield tag="500" ind1=" " ind2=" "><subfield code="a">H dañadas, mutiladas, sueltas: 3 h dañadas: todos los folios están dañados por alguna causa</subfield></datafield><datafield tag="500" ind1=" " ind2=" "><subfield code="a">H faltan o añadidas: no se puede precisar con exactitud el total de folios que le faltan.</subfield></datafield><datafield tag="500" ind1=" " ind2=" "><subfield code="a">Foliación: Sin foliación original. Foliación moderna a lápiz hecha por Naima Anahnah (2010).</subfield></datafield><datafield tag="500" ind1=" " ind2=" "><subfield code="a">Reclamos: Reclamo sólo en el folio 2v.</subfield></datafield><datafield tag="500" ind1=" " ind2=" "><subfield code="a">Sign. cuad.: No</subfield></datafield><datafield tag="500" ind1=" " ind2=" "><subfield code="a">Pautado: Punta seca (casi inapreciable).</subfield></datafield><datafield tag="500" ind1=" " ind2=" "><subfield code="a">Filigrana: Escudo parcial. Figura de cesar con una aureola en la cabeza y el torso semidesnudo. La imagen representa a un cesar sentado con una rodilla flexionada y la otra semiflexionada, con un brazo apoyado sobre el respaldo de un diván y con la otra mano sujeta una rama.</subfield></datafield><datafield tag="563" ind1=" " ind2=" "><subfield code="a">Encuadernación: Carece de encuadernación</subfield></datafield><datafield tag="541" ind1=" " ind2=" "><subfield code="a">Procedencia: Escuela de Estudios Árabes</subfield><subfield code="c">[Carlos Quirós Rodríguez]</subfield><subfield code="d">[198-?]</subfield></datafield><datafield tag="500" ind1=" " ind2=" "><subfield code="a">Signatura antigua: No</subfield></datafield><datafield tag="500" ind1=" " ind2=" "><subfield code="a">Anotaciones: Anotaciones marginales para corregir, remendar o comentar el texto de los folios que forman el legajo</subfield></datafield><datafield tag="510" ind1=" " ind2=" "><subfield code="a">No</subfield></datafield><datafield tag="581" ind1=" " ind2=" "><subfield code="a">Descripción: No</subfield></datafield><datafield tag="530" ind1=" " ind2=" "><subfield code="a">Otros soportes: No</subfield></datafield><datafield tag="581" ind1=" " ind2=" "><subfield code="a">Edición: No</subfield></datafield><datafield tag="520" ind1="2" ind2=" "><subfield code="a">Contenido: Suʼāl wa-ŷawāb fuqahāʼ Fās (1r) [1800] 1214 de la Hégira [Incompleto y acéfalo]. - Suʼāl wa-ŷawāb fuqahāʼ Fās (1r-1v) [s. f.] [Incompletoy ápodo]. - Naṣṣ ʽan qawāʽid al-luga (2r) [s. f.] [Incompleto y ápodo). - Tahḏīb al-āya[sic] al-sabʽa (2v) [s. f.] [Incompleto y ápodo]. - Naṣṣ ʽan aqsām al-nār (3r-3v) [s. f.] [Incompleto y ápodo]</subfield></datafield><datafield tag="630" ind1="0" ind2="7"><subfield code="a">Corán</subfield><subfield code="x">Recitación</subfield><subfield code="v">Manuscritos.</subfield><subfield code="2">CSICAU</subfield></datafield><datafield tag="650" ind1=" " ind2="7"><subfield code="a">Arabe</subfield><subfield code="x">Fonética</subfield><subfield code="v">Manuscritos.</subfield><subfield code="2">CSICAU</subfield></datafield><datafield tag="650" ind1=" " ind2="7"><subfield code="a">Arabe</subfield><subfield code="x">Fonología</subfield><subfield code="v">Manuscritos.</subfield><subfield code="2">CSICAU</subfield></datafield><datafield tag="650" ind1=" " ind2="7"><subfield code="a">Arabe</subfield><subfield code="x">Gramática</subfield><subfield code="v">Manuscritos.</subfield><subfield code="2">CSICAU</subfield></datafield><datafield tag="700" ind1="1" ind2=" "><subfield code="a">Fāsī, Muḥammad b. `Abd al-Salām al-</subfield><subfield code="d">(1718-1799 ó 1800).</subfield></datafield><datafield tag="740" ind1="0" ind2=" "><subfield code="a">Maŷmūʽat nuṣūṣ ḥawla adāʼ al-tilāwa wa-aḥkām al-qirāʼa wa-qawāʽid al-luga</subfield></datafield><datafield tag="740" ind1="0" ind2=" "><subfield code="a">تهذيب الآية [sic] السّبعة</subfield></datafield><datafield tag="740" ind1="0" ind2=" "><subfield code="a">Tahḏīb al-āya [sic] al-sabʽa</subfield></datafield><datafield tag="740" ind1="0" ind2=" "><subfield code="a">سؤال وجواب فقهاء فاس</subfield></datafield><datafield tag="740" ind1="0" ind2=" "><subfield code="a">Suʼāl wa-ŷawāb fuqahāʼ Fās</subfield></datafield><datafield tag="740" ind1="0" ind2=" "><subfield code="a">نص عن قواعد اللغة</subfield></datafield><datafield tag="740" ind1="0" ind2=" "><subfield code="a">Naṣṣ ʽan qawāʽid al-luga</subfield></datafield><datafield tag="740" ind1="0" ind2=" "><subfield code="a">نص عن أقسام النار</subfield></datafield><datafield tag="740" ind1="0" ind2=" "><subfield code="a">Naṣṣ ʽan aqsām al-nār</subfield></datafield><datafield tag="830" ind1=" " ind2="0"><subfield code="a">Manuscripta</subfield></datafield><datafield tag="856" ind1="4" ind2="1"><subfield code="u">http://aleph.csic.es/imagenes/mad01/0006_PMSC/P_001355143_793196_V00.pdf</subfield><subfield code="z">Descargar Pdf completo (1.1M)</subfield><subfield code="m">CSIC</subfield></datafield><datafield tag="856" ind1="4" ind2="1"><subfield code="u">http://simurg.bibliotecas.csic.es/viewer/image/CSIC001355143/1/</subfield><subfield code="z">Ver texto completo en SIMURG, el portal de fondos digitalizados del CSIC</subfield><subfield code="m">CSIC</subfield></datafield><datafield tag="856" ind1="4" ind2="1"><subfield code="u">http://aleph.csic.es/imagenes/mad01/0006_PMSC/html/001355143.html</subfield><subfield code="z">Ver texto completo en Bookreader</subfield></datafield></record></metadata></record>